@article{feynman,
	title = {Simulating physics with computers},
	volume = {21},
	issn = {0020-7748, 1572-9575},
	doi = {10.1007/BF02650179},
	pages = {467--488},
	number = {6},
	journal = {International Journal of Theoretical Physics},
	author = {Feynman, Richard P.},
	year = {1982},
	month = {Jun},
}

@misc{miranda,
      title={Quantum Computer: Hello, Music!}, 
      author={Eduardo R. Miranda},
      year={2020},
      month = {June},
      eprint={2006.13849},
      archivePrefix={arXiv},
      primaryClass={cs.ET}
}

@article{zoufal_qugan,
   title={Quantum Generative Adversarial Networks for learning and loading random distributions},
   volume={5},
   ISSN={2056-6387},
   url={http://dx.doi.org/10.1038/s41534-019-0223-2},
   DOI={10.1038/s41534-019-0223-2},
   number={1},
   journal={npj Quantum Information},
   publisher={Springer Science and Business Media LLC},
   author={Zoufal, Christa and Lucchi, Aurélien and Woerner, Stefan},
   year={2019},
   month={Nov}
}

@article{lloyd_qugan,
   title={Quantum Generative Adversarial Learning},
   volume={121},
   ISSN={1079-7114},
   url={http://dx.doi.org/10.1103/PhysRevLett.121.040502},
   DOI={10.1103/physrevlett.121.040502},
   number={4},
   journal={Physical Review Letters},
   publisher={American Physical Society (APS)},
   author={Lloyd, Seth and Weedbrook, Christian},
   year={2018},
   month={Jul}
}

@misc{chen_qlstm,
      title={Quantum Long Short-Term Memory}, 
      author={Samuel Yen-Chi Chen and Shinjae Yoo and Yao-Lung L. Fang},
      year={2020},
      month={Sep},
      eprint={2009.01783},
      archivePrefix={arXiv},
      primaryClass={quant-ph}
}

@article{google_supremacy,
	title = {Quantum supremacy using a programmable superconducting processor},
	volume = {574},
	issn = {0028-0836, 1476-4687},
	doi = {10.1038/s41586-019-1666-5},
	pages = {505--510},
	number = {7779},
	journal = {Nature},
	author = {Arute, Frank and Arya, Kunal and Babbush, Ryan and Bacon, Dave and Bardin, Joseph C. and Barends, Rami and Biswas, Rupak and Boixo, Sergio and Brandao, Fernando G. S. L. and Buell, David A. and Burkett, Brian and Chen, Yu and Chen, Zijun and Chiaro, Ben and Collins, Roberto and Courtney, William and Dunsworth, Andrew and Farhi, Edward and Foxen, Brooks and Fowler, Austin and Gidney, Craig and Giustina, Marissa and Graff, Rob and Guerin, Keith and Habegger, Steve and Harrigan, Matthew P. and Hartmann, Michael J. and Ho, Alan and Hoffmann, Markus and Huang, Trent and Humble, Travis S. and Isakov, Sergei V. and Jeffrey, Evan and Jiang, Zhang and Kafri, Dvir and Kechedzhi, Kostyantyn and Kelly, Julian and Klimov, Paul V. and Knysh, Sergey and Korotkov, Alexander and Kostritsa, Fedor and Landhuis, David and Lindmark, Mike and Lucero, Erik and Lyakh, Dmitry and Mandrà, Salvatore and {McClean}, Jarrod R. and {McEwen}, Matthew and Megrant, Anthony and Mi, Xiao and Michielsen, Kristel and Mohseni, Masoud and Mutus, Josh and Naaman, Ofer and Neeley, Matthew and Neill, Charles and Niu, Murphy Yuezhen and Ostby, Eric and Petukhov, Andre and Platt, John C. and Quintana, Chris and Rieffel, Eleanor G. and Roushan, Pedram and Rubin, Nicholas C. and Sank, Daniel and Satzinger, Kevin J. and Smelyanskiy, Vadim and Sung, Kevin J. and Trevithick, Matthew D. and Vainsencher, Amit and Villalonga, Benjamin and White, Theodore and Yao, Z. Jamie and Yeh, Ping and Zalcman, Adam and Neven, Hartmut and Martinis, John M.},
	year = {2019},
	month = {Oct},
}

@misc{rnncheat,
	author = {Amidi, Afshine and Amidi, Shervine},
	title = {Recurrent Neural Networks cheatsheet},
	year = {2019},
	howpublished = {\url{https://stanford.edu/~shervine/teaching/cs-230/cheatsheet-recurrent-neural-networks}},
	note = {[Online; accessed 02-Oct-2021]},
}

@misc{thisperson,
	author = {Phil Wang},
	title = {This person does not exist},
	year = {2019},
	howpublished = {\url{https://thispersondoesnotexist.com/}},
	note = {[Online; accessed 02-Oct-2021]},
}

@article{Mitarai,
   title={Quantum circuit learning},
   volume={98},
   ISSN={2469-9934},
   url={http://dx.doi.org/10.1103/PhysRevA.98.032309},
   DOI={10.1103/physreva.98.032309},
   number={3},
   journal={Physical Review A},
   publisher={American Physical Society (APS)},
   author={Mitarai, K. and Negoro, M. and Kitagawa, M. and Fujii, K.},
   year={2018},
   month={Sep}
}

@misc{pennylane_qugan,
	author = {PennyLane{\ }Dev{\ }Team},
	title = {Quantum Generative Adversarial Networks with Cirq + TensorFlow},
	year = {2021},
	howpublished = {\url{https://pennylane.ai/qml/demos/tutorial_QGAN.html}},
	note = {[Online; accessed 02-Oct-2021]},
}

@misc{goodfellow_gan,
      title={Generative Adversarial Networks}, 
      author={Ian J. Goodfellow and Jean Pouget-Abadie and Mehdi Mirza and Bing Xu and David Warde-Farley and Sherjil Ozair and Aaron Courville and Yoshua Bengio},
      year={2014},
      month={Jun},
      eprint={1406.2661},
      archivePrefix={arXiv},
      primaryClass={stat.ML}
}

@article{lstm_paper,
    author = {Hochreiter, Sepp and Schmidhuber, Jürgen},
    title = "{Long Short-Term Memory}",
    journal = {Neural Computation},
    volume = {9},
    number = {8},
    pages = {1735-1780},
    year = {1997},
    month = {Nov},
    issn = {0899-7667},
    doi = {10.1162/neco.1997.9.8.1735},
    url = {https://doi.org/10.1162/neco.1997.9.8.1735},
    eprint = {https://direct.mit.edu/neco/article-pdf/9/8/1735/813796/neco.1997.9.8.1735.pdf},
}

@article{CSIR_music,
 ISSN = {01489267, 15315169},
 URL = {http://www.jstor.org/stable/3681379},
 author = {Paul Doornbusch},
 journal = {Computer Music Journal},
 number = {1},
 pages = {10--25},
 publisher = {The MIT Press},
 title = {Computer Sound Synthesis in 1951: The Music of CSIRAC},
 volume = {28},
 year = {2004},
 month = {Apr}
}

@misc{magenta_gansynth,
	author = {Magenta{\ }Team},
	title = {GANSynth},
	year = {2020},
	howpublished = {\url{https://github.com/magenta/magenta/tree/main/magenta/models/gansynth}},
	note = {[Online; accessed 02-Sept-2021]},
}

@misc{magenta_melodyrnn,
	author = {Magenta{\ }Team},
	title = {Melody RNN},
	year = {2020},
	howpublished = {\url{https://github.com/magenta/magenta/tree/main/magenta/models/melody_rnn}},
	note = {[Online; accessed 02-Oct-2021]},
}

@article{Putz_quantum_music,
   title={Quantum music},
   volume={21},
   ISSN={1433-7479},
   url={http://dx.doi.org/10.1007/s00500-015-1835-x},
   DOI={10.1007/s00500-015-1835-x},
   number={6},
   journal={Soft Computing},
   publisher={Springer Science and Business Media LLC},
   author={Putz, Volkmar and Svozil, Karl},
   year={2015},
   month={Aug},
   pages={1467–1471}
}

@misc{quantum_music_event,
	author = {Vedral, V. et al.},
	title = {Quantum Music},
	year = {2015},
	howpublished = {\url{http://quantummusic.org}},
	note = {[Online; accessed 02-Oct-2021]},
}

@article{Kirke_QC_Music,
  title={Programming Gate-based Hardware Quantum Computers for Music},
  author={Alexis Kirke},
  journal={Muzikologija},
  year={2018},
  pages={21-37}
}

@article{Helweg_QInspired_Music,
  title={Composing with Quantum Information: Aspects of Quantum Music in Theory and Practice},
  author={Kim Helweg},
  journal={Muzikologija},
  year={2018},
  pages={61-77}
}

@misc{cirq_qwalk,
	author = {Google{\ }Quantum{\ }AI{\ }Team},
	title = {Quantum Walk},
	year = {2021},
	howpublished = {\url{https://quantumai.google/cirq/tutorials/quantum_walks}},
	note = {[Online; accessed 02-Oct-2021]},
}

@article{Venegas_qwalk,
   title={Quantum walks: a comprehensive review},
   volume={11},
   ISSN={1573-1332},
   url={http://dx.doi.org/10.1007/s11128-012-0432-5},
   DOI={10.1007/s11128-012-0432-5},
   number={5},
   journal={Quantum Information Processing},
   publisher={Springer Science and Business Media LLC},
   author={Venegas-Andraca, Salvador Elías},
   year={2012},
   month={Jul},
   pages={1015–1106}
}

@article{Kempe_qwalk,
   title={Quantum random walks: An introductory overview},
   volume={44},
   ISSN={1366-5812},
   url={http://dx.doi.org/10.1080/00107151031000110776},
   DOI={10.1080/00107151031000110776},
   number={4},
   journal={Contemporary Physics},
   publisher={Informa UK Limited},
   author={Kempe, Julia},
   year={2003},
   month={Jul},
   pages={307–327}
}

@misc{Maqenta,
	author = {Abedi, Erfan},
	title = {Maqenta},
	year = {2021},
	howpublished = {\url{https://github.com/theerfan/Maqenta}},
	note = {[Online; accessed 07-Oct-2021]},
}

@misc{ISQCMC,
	author = {Miranda, Eduardo R and Coecke, Bob},
	title = {1st International Symposium on Quantum Computing and Musical Creativity},
	year = {2021},
	howpublished = {\url{https://iccmr-quantum.github.io/1st_isqcmc/}},
	note = {[Online; accessed 07-Oct-2021]},
}

@misc{bausch2020recurrent,
      title={Recurrent Quantum Neural Networks}, 
      author={Johannes Bausch},
      year={2020},
      eprint={2006.14619},
      archivePrefix={arXiv},
      primaryClass={cs.LG}
}

@article{Mari_qtransfer,
   title={Transfer learning in hybrid classical-quantum neural networks},
   volume={4},
   ISSN={2521-327X},
   url={http://dx.doi.org/10.22331/q-2020-10-09-340},
   DOI={10.22331/q-2020-10-09-340},
   journal={Quantum},
   publisher={Verein zur Forderung des Open Access Publizierens in den Quantenwissenschaften},
   author={Mari, Andrea and Bromley, Thomas R. and Izaac, Josh and Schuld, Maria and Killoran, Nathan},
   year={2020},
   month={Oct},
   pages={340}
}

@article{Daoyi_QReinforce,
   title={Quantum Reinforcement Learning},
   volume={38},
   ISSN={1083-4419},
   url={http://dx.doi.org/10.1109/TSMCB.2008.925743},
   DOI={10.1109/tsmcb.2008.925743},
   number={5},
   journal={IEEE Transactions on Systems, Man, and Cybernetics, Part B (Cybernetics)},
   publisher={Institute of Electrical and Electronics Engineers (IEEE)},
   author={Daoyi Dong and Chunlin Chen and Hanxiong Li and Tzyh-Jong Tarn},
   year={2008},
   month={Oct},
   pages={1207–1220}
}
